@inproceedings{RN9,
   author = {Aïmeur, Esma and Brassard, Gilles and Gambs, Sébastien},
   title = {Machine learning in a quantum world},
   booktitle = {Conference of the Canadian Society for Computational Studies of Intelligence},
   publisher = {Springer},
   pages = {431-442},
   type = {Conference Proceedings}
}

@article{RN41,
   author = {Amin, Hafeez Ullah and Malik, Aamir Saeed and Ahmad, Rana Fayyaz and Badruddin, Nasreen and Kamel, Nidal and Hussain, Muhammad and Chooi, Weng-Tink},
   title = {Feature extraction and classification for EEG signals using wavelet transform and machine learning techniques},
   journal = {Australas. Phys. Eng. Sci. Med.},
   volume = {38},
   number = {1},
   pages = {139–149},
   ISSN = {1879-5447},
   DOI = {10.1007/s13246-015-0333-x},
   url = {https://link.springer.com/article/10.1007/s13246-015-0333-x},
   year = {2015},
   type = {Journal Article}
}

@article{RN7,
   author = {Amin, Mohammad H and Andriyash, Evgeny and Rolfe, Jason and Kulchytskyy, Bohdan and Melko, Roger},
   title = {Quantum boltzmann machine},
   journal = {Physical Review X},
   volume = {8},
   number = {2},
   pages = {021050},
   year = {2018},
   type = {Journal Article}
}

@article{RN17,
   author = {Bennett, Kristin P and Mangasarian, Olvi L},
   title = {Robust linear programming discrimination of two linearly inseparable sets},
   journal = {Optimization methods and software},
   volume = {1},
   number = {1},
   pages = {23-34},
   ISSN = {1055-6788},
   year = {1992},
   type = {Journal Article}
}

@article{RN22,
   author = {Biamonte, Jacob and Wittek, Peter and Pancotti, Nicola and Rebentrost, Patrick and Wiebe, Nathan and Lloyd, Seth},
   title = {Quantum machine learning},
   journal = {Nature},
   volume = {549},
   pages = {195–202},
   ISSN = {1476-4687},
   DOI = {10.1038/nature23474},
   url = {https://www.nature.com/articles/nature23474},
   year = {2017},
   type = {Journal Article}
}

@article{RN10,
   author = {Broecker, Peter and Carrasquilla, Juan and Melko, Roger G and Trebst, Simon},
   title = {Machine learning quantum phases of matter beyond the fermion sign problem},
   journal = {Scientific reports},
   volume = {7},
   number = {1},
   pages = {8823},
   ISSN = {2045-2322},
   year = {2017},
   type = {Journal Article}
}

@article{RN58,
   author = {Chen, Alvin I. and Balter, Max L. and Maguire, Timothy J. and Yarmush, Martin L.},
   title = {Deep learning robotic guidance for autonomous vascular access},
   journal = {Nature Machine Intelligence},
   volume = {2},
   number = {2},
   pages = {104-115},
   ISSN = {2522-5839},
   DOI = {10.1038/s42256-020-0148-7},
   url = {https://doi.org/10.1038/s42256-020-0148-7},
   year = {2020},
   type = {Journal Article}
}

@article{RN16,
   author = {Chen, Chun-Lin and Dong, Dao-Yi},
   title = {Superposition-Inspired Reinforcement Learning and Quantum Reinforcement Learning},
   journal = {IntechOpen},
   DOI = {10.5772/5275},
   url = {https://www.intechopen.com/books/reinforcement_learning/superposition-inspired_reinforcement_learning_and_quantum_reinforcement_learning},
   year = {2008},
   type = {Journal Article}
}

@article{RN52,
   author = {Coley, Connor W and Thomas, Dale A and Lummiss, Justin AM and Jaworski, Jonathan N and Breen, Christopher P and Schultz, Victor and Hart, Travis and Fishman, Joshua S and Rogers, Luke and Gao, Hanyu},
   title = {A robotic platform for flow synthesis of organic compounds informed by AI planning},
   journal = {Science},
   volume = {365},
   number = {6453},
   pages = {eaax1566},
   ISSN = {0036-8075},
   year = {2019},
   type = {Journal Article}
}

@article{RN2,
   author = {Fernandez, Michael and Abreu, Jose I and Shi, Hongqing and Barnard, Amanda S},
   title = {Machine learning prediction of the energy gap of graphene nanoflakes using topological autocorrelation vectors},
   journal = {ACS combinatorial science},
   volume = {18},
   number = {11},
   pages = {661-664},
   ISSN = {2156-8952},
   year = {2016},
   type = {Journal Article}
}

@inbook{RN15,
   author = {Guyon, Isabelle and Elisseeff, André},
   title = {An introduction to feature extraction},
   booktitle = {Feature extraction},
   publisher = {Springer},
   pages = {1-25},
   year = {2006},
   type = {Book Section}
}

@article{RN46,
   author = {Gwon, Youngjune and Cha, Miriam and Kung, H. T.},
   title = {Deep Sparse-coded Network (DSN)},
   journal = {2016 23rd International Conference on Pattern Recognition (ICPR)},
   pages = {2610–2615},
   DOI = {10.1109/icpr.2016.7900029},
   url = {https://ieeexplore.ieee.org/document/7900029},
   year = {2016},
   type = {Journal Article}
}

@article{RN32,
   author = {Han, XiaoHong and Quan, Long and Xiong, XiaoYan and Wu, Bing},
   title = {Facing the classification of binary problems with a hybrid system based on quantum-inspired binary gravitational search algorithm and K-NN method},
   journal = {Eng. Appl. Artif. Intell.},
   volume = {26},
   number = {10},
   pages = {2424–2430},
   ISSN = {0952-1976},
   DOI = {10.1016/j.engappai.2013.05.011},
   url = {http://www.sciencedirect.com/science/article/pii/S0952197613000985},
   year = {2013},
   type = {Journal Article}
}

@article{RN4,
   author = {Han, Zhao-Yu and Wang, Jun and Fan, Heng and Wang, Lei and Zhang, Pan},
   title = {Unsupervised generative modeling using matrix product states},
   journal = {Physical Review X},
   volume = {8},
   number = {3},
   pages = {031012},
   year = {2018},
   type = {Journal Article}
}

@inproceedings{RN1,
   author = {Hwang, Sae and Oh, JungHwan and Tavanapong, Wallapak and Wong, Johnny and De Groen, Piet C},
   title = {Stool detection in colonoscopy videos},
   booktitle = {2008 30th Annual International Conference of the IEEE Engineering in Medicine and Biology Society},
   publisher = {IEEE},
   pages = {3004-3007},
   ISBN = {1424418143},
   type = {Conference Proceedings}
}

@article{RN11,
   author = {Kotsiantis, Sotiris B and Zaharakis, I and Pintelas, P},
   title = {Supervised machine learning: A review of classification techniques},
   journal = {Emerging artificial intelligence applications in computer engineering},
   volume = {160},
   pages = {3-24},
   year = {2007},
   type = {Journal Article}
}

@article{RN51,
   author = {Li, Ji-An and Dong, Daoyi and Wei, Zhengde and Liu, Ying and Pan, Yu and Nori, Franco and Zhang, Xiaochu},
   title = {Quantum reinforcement learning during human decision-making},
   journal = {Nat. Hum. Behav.},
   pages = {1–14},
   ISSN = {2397-3374},
   DOI = {10.1038/s41562-019-0804-2},
   url = {https://doi.org/10.1038/s41562-019-0804-2},
   year = {2020},
   type = {Journal Article}
}

@article{RN54,
   author = {Libby, Ashley R. G. and Briers, Demarcus and Haghighi, Iman and Joy, David A. and Conklin, Bruce R. and Belta, Calin and McDevitt, Todd C.},
   title = {Automated Design of Pluripotent Stem Cell Self-Organization},
   journal = {cels.},
   volume = {9},
   number = {5},
   pages = {483–495.e10},
   ISSN = {2405-4712},
   DOI = {10.1016/j.cels.2019.10.008},
   url = {https://www.cell.com/cell-systems/pdfExtended/S2405-4712(19)30384-9},
   year = {2019},
   type = {Journal Article}
}

@article{RN35,
   author = {Mairal, Julien and Bach, Francis and Ponce, Jean},
   title = {Task-Driven Dictionary Learning},
   journal = {IEEE Trans. Pattern Anal. Mach. Intell.},
   volume = {34},
   number = {4},
   pages = {791–804},
   ISSN = {1939-3539},
   DOI = {10.1109/tpami.2011.156},
   url = {https://ieeexplore.ieee.org/abstract/document/5975166},
   year = {2012},
   type = {Journal Article}
}

@misc{RN37,
   pages = {689–696},
   DOI= {10.1145/1553374.1553463},
   url = {https://doi.org/10.1145/1553374.1553463},
   year = {2009},
   type = {Conference Paper}
}

@inproceedings{RN43,
   author = {Mairal, J and Bach, F and Ponce, J and Sapiro, G and Zisserman, A},
   title = {Learning discriminative dictionaries for local image analysis},
   booktitle = {26th IEEE Conference on Computer Vision and Pattern Recognition},
   pages = {1-8},
   type = {Conference Proceedings}
}

@article{RN45,
   author = {Majumdar, Angshul and Ward, Rabab},
   title = {Robust greedy deep dictionary learning for ECG arrhythmia classification},
   journal = {2017 International Joint Conference on Neural Networks (IJCNN)},
   pages = {4400–4407},
   ISSN = {2161-4407},
   DOI = {10.1109/ijcnn.2017.7966413},
   url = {https://ieeexplore.ieee.org/document/7966413},
   year = {2017},
   type = {Journal Article}
}

@article{RN20,
   author = {Mangasarian, Olvi L and Setiono, Rudy and Wolberg, William H},
   title = {Pattern recognition via linear programming: Theory and application to medical diagnosis},
   year = {1990},
   type = {Journal Article}
}

@techreport{RN18,
   author = {Mangasarian, Olvi L and Wolberg, William H},
   title = {Cancer diagnosis via linear programming},
   institution = {University of Wisconsin-Madison Department of Computer Sciences},
   year = {1990},
   type = {Report}
}

@article{RN39,
   author = {Mathieu, Michael and Henaff, Mikael and LeCun, Yann},
   title = {Fast Training of Convolutional Networks through FFTs},
   url = {http://arXiv.org/abs/},
   year = {2013},
   type = {Journal Article}
}

@article{RN30,
   author = {Melko, Roger G and Carleo, Giuseppe and Carrasquilla, Juan and Cirac, J Ignacio},
   title = {Restricted Boltzmann machines in quantum physics},
   journal = {Nature Physics},
   volume = {15},
   number = {9},
   pages = {887-892},
   ISSN = {1745-2481},
   year = {2019},
   type = {Journal Article}
}

@inproceedings{RN42,
   author = {Ng, Andrew Y and Jordan, Michael I and Weiss, Yair},
   title = {On spectral clustering: Analysis and an algorithm},
   booktitle = {Advances in neural information processing systems},
   pages = {849-856},
   type = {Conference Proceedings}
}

@article{RN33,
   author = {Nikpour, Bahareh and Shabani, Mahin and Nezamabadi-pour, Hossein},
   title = {Proposing new method to improve gravitational fixed nearest neighbor algorithm for imbalanced data classification},
   journal = {2017 2nd Conference on Swarm Intelligence and Evolutionary Computation (CSIEC)},
   pages = {6–11},
   DOI = {10.1109/csiec.2017.7940167},
   url = {https://ieeexplore.ieee.org/abstract/document/7940167},
   year = {2017},
   type = {Journal Article}
}

@article{RN6,
   author = {Pilania, Ghanshyam and Wang, Chenchen and Jiang, Xun and Rajasekaran, Sanguthevar and Ramprasad, Ramamurthy},
   title = {Accelerating materials property predictions using machine learning},
   journal = {Scientific reports},
   volume = {3},
   pages = {2810},
   ISSN = {2045-2322},
   year = {2013},
   type = {Journal Article}
}

@article{RN38,
   author = {Ramón, Manel Martínez and Atwood, Thomas and Barbin, Silvio and Christodoulou, Christos G.},
   title = {Signal classification with an SVM-FFT approach for feature extraction in cognitive radio},
   journal = {2009 SBMO/IEEE MTT-S International Microwave and Optoelectronics Conference (IMOC)},
   pages = {286–289},
   ISSN = {1679-4389},
   DOI = {10.1109/imoc.2009.5427579},
   url = {https://ieeexplore.ieee.org/abstract/document/5427579},
   year = {2009},
   type = {Journal Article}
}

@article{RN57,
   author = {Rivenson, Yair and Wang, Hongda and Wei, Zhensong and de Haan, Kevin and Zhang, Yibo and Wu, Yichen and Günaydın, Harun and Zuckerman, Jonathan E. and Chong, Thomas and Sisk, Anthony E. and Westbrook, Lindsey M. and Wallace, W. Dean and Ozcan, Aydogan},
   title = {Virtual histological staining of unlabelled tissue-autofluorescence images via deep learning},
   journal = {Nat. Biomed. Eng.},
   volume = {3},
   number = {6},
   pages = {466–477},
   ISSN = {2157-846X},
   DOI = {10.1038/s41551-019-0362-y},
   url = {https://doi.org/10.1038/s41551-019-0362-y},
   year = {2019},
   type = {Journal Article}
}

@article{RN3,
   author = {Rupp, Matthias},
   title = {Machine learning for quantum mechanics in a nutshell},
   journal = {International Journal of Quantum Chemistry},
   volume = {115},
   number = {16},
   pages = {1058-1073},
   ISSN = {0020-7608},
   year = {2015},
   type = {Journal Article}
}

@article{RN5,
   author = {Sadowski, Peter and Fooshee, David and Subrahmanya, Niranjan and Baldi, Pierre},
   title = {Synergies between quantum mechanics and machine learning in reaction prediction},
   journal = {Journal of chemical information and modeling},
   volume = {56},
   number = {11},
   pages = {2125-2128},
   ISSN = {1549-9596},
   year = {2016},
   type = {Journal Article}
}

@article{RN24,
   author = {Sarma, Sankar Das and Deng, Dong-Ling and Duan, Lu-Ming},
   title = {Machine learning meets quantum physics},
   journal = {arXiv preprint arXiv:1903.03516},
   year = {2019},
   type = {Journal Article}
}

@article{RN21,
   author = {Sasaki, Masahide and Carlini, Alberto},
   title = {Quantum learning and universal quantum matching machine},
   journal = {Physical Review A},
   volume = {66},
   number = {2},
   pages = {022303},
   year = {2002},
   type = {Journal Article}
}

@article{RN8,
   author = {Schuld, Maria and Sinayskiy, Ilya and Petruccione, Francesco},
   title = {An introduction to quantum machine learning},
   journal = {Contemporary Physics},
   volume = {56},
   number = {2},
   pages = {172-185},
   ISSN = {0010-7514},
   year = {2015},
   type = {Journal Article}
}

@article{RN26,
   author = {Schütt, KT and Gastegger, Michael and Tkatchenko, Alexandre and Müller, K-R and Maurer, Reinhard J},
   title = {Unifying machine learning and quantum chemistry with a deep neural network for molecular wavefunctions},
   journal = {Nature communications},
   volume = {10},
   number = {1},
   pages = {1-10},
   ISSN = {2041-1723},
   year = {2019},
   type = {Journal Article}
}

@article{RN34,
   author = {Shabani-kordshooli, Mahin and Nikpour, Bahareh and Nezamabadi-pour, Hossein},
   title = {An improvement to gravitational fixed radius nearest neighbor for imbalanced problem},
   journal = {2017 Artificial Intelligence and Signal Processing Conference (AISP)},
   pages = {262–267},
   DOI = {10.1109/aisp.2017.8324109},
   url = {https://ieeexplore.ieee.org/document/8324109},
   year = {2017},
   type = {Journal Article}
}

@article{RN44,
   author = {Shuman, David I. and Narang, Sunil K. and Frossard, Pascal and Ortega, Antonio and Vandergheynst, Pierre},
   title = {The emerging field of signal processing on graphs: Extending high-dimensional data analysis to networks and other irregular domains},
   journal = {IEEE Signal Process. Mag.},
   volume = {30},
   number = {3},
   pages = {83–98},
   ISSN = {1558-0792},
   DOI = {10.1109/msp.2012.2235192},
   url = {https://ieeexplore.ieee.org/document/6494675},
   year = {2013},
   type = {Journal Article}
}

@article{RN48,
   author = {Singhal, Vanika and Singh, Shikha and Majumdar, Angshul},
   title = {How to Train Your Neural Network with Dictionary Learning},
   journal = {2017 Data Compression Conference (DCC)},
   pages = {460},
   ISSN = {2375-0359},
   DOI = {10.1109/dcc.2017.87},
   url = {https://ieeexplore.ieee.org/document/7923743},
   year = {2017},
   type = {Journal Article}
}

@article{RN53,
   author = {Steiner, Sebastian and Wolf, Jakob and Glatzel, Stefan and Andreou, Anna and Granda, Jarosław M and Keenan, Graham and Hinkley, Trevor and Aragon-Camarasa, Gerardo and Kitson, Philip J and Angelone, Davide},
   title = {Organic synthesis in a modular robotic system driven by a chemical programming language},
   journal = {Science},
   volume = {363},
   number = {6423},
   pages = {eaav2211},
   ISSN = {0036-8075},
   year = {2019},
   type = {Journal Article}
}

@article{RN49,
   author = {Tariyal, Snigdha and Aggarwal, Hemant and Majumdar, Angshul},
   title = {Greedy deep dictionary learning for hyperspectral image classification},
   journal = {2016 8th Workshop on Hyperspectral Image and Signal Processing: Evolution in Remote Sensing (WHISPERS)},
   pages = {1–4},
   ISSN = {2158-6276},
   DOI = {10.1109/whispers.2016.8071740},
   url = {https://ieeexplore.ieee.org/document/8071740},
   year = {2016},
   type = {Journal Article}
}

@article{RN36,
   author = {Tošić, Ivana and Frossard, Pascal},
   title = {Dictionary Learning},
   journal = {IEEE Signal Process. Mag.},
   volume = {28},
   number = {2},
   pages = {27–38},
   ISSN = {1558-0792},
   DOI = {10.1109/msp.2010.939537},
   url = {https://ieeexplore.ieee.org/abstract/document/5714407},
   year = {2011},
   type = {Journal Article}
}

@article{RN50,
   author = {Trabelsi, Chiheb and Bilaniuk, Olexa and Zhang, Ying and Serdyuk, Dmitriy and Subramanian, Sandeep and Santos, João Felipe and Mehri, Soroush and Rostamzadeh, Negar and Bengio, Yoshua and Pal, Christopher J.},
   title = {Deep Complex Networks},
   url = {http://arXiv.org/abs/},
   year = {2017},
   type = {Journal Article}
}

@article{RN25,
   author = {Von Lilienfeld, O Anatole},
   title = {Quantum machine learning in chemical compound space},
   journal = {Angewandte Chemie International Edition},
   volume = {57},
   number = {16},
   pages = {4164-4169},
   ISSN = {1433-7851},
   year = {2018},
   type = {Journal Article}
}

@article{RN55,
   author = {Wang, Hongda and Rivenson, Yair and Jin, Yiyin and Wei, Zhensong and Gao, Ronald and Günaydın, Harun and Bentolila, Laurent A. and Kural, Comert and Ozcan, Aydogan},
   title = {Deep learning enables cross-modality super-resolution in fluorescence microscopy},
   journal = {Nat. Methods},
   volume = {16},
   number = {1},
   pages = {103–110},
   ISSN = {1548-7105},
   DOI = {10.1038/s41592-018-0239-0},
   url = {https://www.ncbi.nlm.nih.gov/pubmed/30559434},
   year = {2019},
   type = {Journal Article}
}

@article{RN19,
   author = {Wolberg, William H and Mangasarian, Olvi L},
   title = {Multisurface method of pattern separation for medical diagnosis applied to breast cytology},
   journal = {Proceedings of the national academy of sciences},
   volume = {87},
   number = {23},
   pages = {9193-9196},
   ISSN = {0027-8424},
   year = {1990},
   type = {Journal Article}
}

@article{RN56,
   author = {Wu, Yichen and Rivenson, Yair and Wang, Hongda and Luo, Yilin and Ben-David, Eyal and Bentolila, Laurent A. and Pritz, Christian and Ozcan, Aydogan},
   title = {Three-dimensional virtual refocusing of fluorescence microscopy images using deep learning},
   journal = {Nature Methods},
   volume = {16},
   number = {12},
   pages = {1323-1331},
   ISSN = {1548-7105},
   DOI = {10.1038/s41592-019-0622-5},
   url = {https://doi.org/10.1038/s41592-019-0622-5},
   year = {2019},
   type = {Journal Article}
}


@misc{chollet2015keras,
  title={Keras},
  author={Chollet, Fran\c{c}ois and others},
  year={2015},
  publisher={GitHub},
  howpublished={\url{https://github.com/fchollet/keras}},
}

@misc{Dua:2019 ,
author = "Dua, Dheeru and Graff, Casey",
year = "2017",
title = "{UCI} Machine Learning Repository",
url = "http://archive.ics.uci.edu/ml",
institution = "University of California, Irvine, School of Information and Computer Sciences" }

@incollection{NIPS2008_3448,
title = {Supervised Dictionary Learning},
author = {Mairal, Julien and Jean Ponce and Sapiro, Guillermo and Zisserman, Andrew and Francis R. Bach},
booktitle = {Advances in Neural Information Processing Systems 21},
editor = {D. Koller and D. Schuurmans and Y. Bengio and L. Bottou},
pages = {1033--1040},
year = {2009},
publisher = {Curran Associates, Inc.},
url = {http://papers.nips.cc/paper/3448-supervised-dictionary-learning.pdf}
}
